<?xml version = "1.0" encoding = "UTF-8"?><OAI-PMH xmlns="http://www.openarchives.org/OAI/2.0/" xmlns:xsi="http://www.w3.org/2001/XMLSchema-instance" xsi:schemaLocation="http://www.openarchives.org/OAI/2.0/ http://www.openarchives.org/OAI/2.0/OAI-PMH.xsd"><ListRecords><record><header><identifier>aleph-publish:020247468</identifier></header><metadata><record xmlns="http://www.ddb.de/professionell/mabxml/mabxml-1.xsd"><leader>------M2.01200024------u</leader><controlfield tag="LDR">------M2.01200024------u</controlfield><controlfield tag="FMT">MU</controlfield><datafield tag="001" ind1="-" ind2="1"><subfield code="a">HT018129805</subfield></datafield><datafield tag="001" ind1="-" ind2="2"><subfield code="a">HT017844601</subfield></datafield><datafield tag="002" ind1="a" ind2="1"><subfield code="a">20140114</subfield></datafield><datafield tag="002" ind1="a" ind2="2"><subfield code="a">20131108</subfield></datafield><datafield tag="003" ind1="-" ind2="1"><subfield code="a">20190528</subfield></datafield><datafield tag="003" ind1="-" ind2="2"><subfield code="a">20170705</subfield></datafield><datafield tag="010" ind1="-" ind2="1"><subfield code="a">HT017844601</subfield></datafield><datafield tag="025" ind1="o" ind2="1"><subfield code="a">1073245396</subfield></datafield><datafield tag="025" ind1="o" ind2="2"><subfield code="a">1074646301</subfield></datafield><datafield tag="026" ind1="-" ind2="1"><subfield code="a">HBZHT018129805</subfield></datafield><datafield tag="026" ind1="-" ind2="2"><subfield code="a">HBZHT017844601</subfield></datafield><controlfield tag="030">a|1uc||||||||</controlfield><datafield tag="036" ind1="a" ind2="2"><subfield code="a">JP</subfield></datafield><datafield tag="037" ind1="b" ind2="2"><subfield code="a">jpn</subfield></datafield><controlfield tag="050">a|||||||||||||</controlfield><datafield tag="070" ind1="-" ind2="1"><subfield code="a">5/141</subfield></datafield><datafield tag="070" ind1="-" ind2="2"><subfield code="a">5/141</subfield></datafield><datafield tag="070" ind1="a" ind2="2"><subfield code="a">NII</subfield></datafield><datafield tag="070" ind1="b" ind2="1"><subfield code="a">HBZ/Red</subfield></datafield><datafield tag="070" ind1="b" ind2="2"><subfield code="a">38/459</subfield></datafield><datafield tag="078" ind1="b" ind2="1"><subfield code="a">Mindestkatalogisat</subfield></datafield><datafield tag="078" ind1="f" ind2="1"><subfield code="a">jap</subfield></datafield><datafield tag="078" ind1="f" ind2="2"><subfield code="a">jap</subfield></datafield><datafield tag="080" ind1="-" ind2="1"><subfield code="a">50</subfield></datafield><datafield tag="080" ind1="-" ind2="2"><subfield code="a">60</subfield></datafield><controlfield tag="089">3</controlfield><datafield tag="090" ind1="-" ind2="1"><subfield code="a">3</subfield></datafield><datafield tag="100" ind1="-" ind2="2"><subfield code="p">Obara, Kuniyoshi</subfield><subfield code="d">1887-1977</subfield><subfield code="4">aut</subfield><subfield code="3">Verfasser</subfield><subfield code="9">(DE-588)1015714854</subfield></datafield><datafield tag="A00" ind1="-" ind2="2"><subfield code="a">小原, 國芳</subfield><subfield code="6">Jpan</subfield></datafield><datafield tag="101" ind1="-" ind2="2"><subfield code="p">Obara Kuniyoshi</subfield><subfield code="d">1887-1977</subfield></datafield><datafield tag="101" ind1="-" ind2="2"><subfield code="p">Kuniyoshi Obara</subfield><subfield code="d">1887-1977</subfield></datafield><datafield tag="101" ind1="-" ind2="2"><subfield code="U">Jpan</subfield><subfield code="p">小原, 國芳</subfield><subfield code="d">1887-1977</subfield></datafield><datafield tag="101" ind1="-" ind2="2"><subfield code="U">Jpan</subfield><subfield code="p">小原國芳</subfield><subfield code="d">1887-1977</subfield></datafield><datafield tag="101" ind1="-" ind2="2"><subfield code="U">Jpan</subfield><subfield code="p">小原国芳</subfield><subfield code="d">1887-1977</subfield></datafield><datafield tag="300" ind1="-" ind2="2"><subfield code="a">Sammlung</subfield></datafield><datafield tag="310" ind1="-" ind2="2"><subfield code="a">Senshū</subfield></datafield><datafield tag="C10" ind1="-" ind2="2"><subfield code="a">選集</subfield><subfield code="6">Jpan</subfield></datafield><datafield tag="C10" ind1="-" ind2="2"><subfield code="a">センシュウ</subfield><subfield code="6">Kana</subfield></datafield><datafield tag="331" ind1="-" ind2="1"><subfield code="a">Zenjin kyōikuron</subfield></datafield><datafield tag="331" ind1="a" ind2="2"><subfield code="a">Obara Kuniyoshi senshū</subfield></datafield><datafield tag="C31" ind1="-" ind2="1"><subfield code="a">全人教育論</subfield><subfield code="6">Jpan</subfield></datafield><datafield tag="C31" ind1="-" ind2="1"><subfield code="a">ゼンジン キョウイクロン</subfield><subfield code="6">Kana</subfield></datafield><datafield tag="C31" ind1="a" ind2="2"><subfield code="a">小原国芳選集</subfield><subfield code="6">Jpan</subfield></datafield><datafield tag="C31" ind1="a" ind2="2"><subfield code="a">オバラ クニヨシ センシュウ</subfield><subfield code="6">Kana</subfield></datafield><datafield tag="362" ind1="-" ind2="1"><subfield code="a">shisō mondai to kyōiku</subfield></datafield><datafield tag="C62" ind1="-" ind2="1"><subfield code="a">思想問題と教育</subfield><subfield code="6">Jpan</subfield></datafield><datafield tag="C62" ind1="-" ind2="1"><subfield code="a">シソウ モンダイ ト キョウイク</subfield><subfield code="6">Kana</subfield></datafield><datafield tag="403" ind1="-" ind2="1"><subfield code="a">Dai 4-satsu</subfield></datafield><datafield tag="D03" ind1="-" ind2="1"><subfield code="a">第4刷</subfield><subfield code="6">Jpan</subfield></datafield><datafield tag="410" ind1="-" ind2="2"><subfield code="a">Machida</subfield></datafield><datafield tag="D10" ind1="-" ind2="2"><subfield code="a">町田</subfield><subfield code="6">Jpan</subfield></datafield><datafield tag="412" ind1="-" ind2="2"><subfield code="a">Tamagawa Daigaku Shuppanbu</subfield></datafield><datafield tag="D12" ind1="-" ind2="2"><subfield code="a">玉川大学出版部</subfield><subfield code="6">Jpan</subfield></datafield><datafield tag="425" ind1="-" ind2="1"><subfield code="a">Shōwa 61-nen [1986]</subfield></datafield><datafield tag="425" ind1="b" ind2="2"><subfield code="a">1980</subfield></datafield><datafield tag="D25" ind1="-" ind2="1"><subfield code="a">昭和61年</subfield><subfield code="6">Jpan</subfield></datafield><datafield tag="425" ind1="a" ind2="1"><subfield code="a">1986</subfield></datafield><datafield tag="433" ind1="-" ind2="1"><subfield code="a">406 S. : Ill.</subfield></datafield><datafield tag="435" ind1="-" ind2="2"><subfield code="a">23 cm</subfield></datafield><datafield tag="503" ind1="-" ind2="2"><subfield code="p">Übers. d. Hauptsacht.</subfield><subfield code="a">Sammlung ausgewählter [Werke] von Obara Kuniyoshi</subfield></datafield><datafield tag="516" ind1="-" ind2="2"><subfield code="a">In japan. Schr.</subfield></datafield><datafield tag="523" ind1="-" ind2="2"><subfield code="p">Erschienen</subfield><subfield code="a">Bd. 1 - 6</subfield></datafield><datafield tag="540" ind1="a" ind2="1"><subfield code="a">4-472-02032-7</subfield><subfield code="b">Gewebe</subfield></datafield><datafield tag="700" ind1="j" ind2="2"><subfield code="a">370.8</subfield><subfield code="c">NDC9</subfield></datafield><datafield tag="700" ind1="b" ind2="2"><subfield code="a">370.9</subfield><subfield code="c">22</subfield></datafield><datafield tag="710" ind1="-" ind2="1"><subfield code="a">Pädagogik</subfield></datafield><datafield tag="710" ind1="-" ind2="1"><subfield code="a">Erziehungsphilosophie</subfield></datafield><datafield tag="710" ind1="-" ind2="1"><subfield code="a">Geistesgeschichte</subfield></datafield><datafield tag="710" ind1="-" ind2="2"><subfield code="a">Pädagogik</subfield></datafield><datafield tag="710" ind1="-" ind2="2"><subfield code="a">Quellentext</subfield></datafield><controlfield tag="SYS">020247468</controlfield><datafield tag="LOW" ind1="-" ind2="1"><subfield code="a">Q1026</subfield></datafield><datafield tag="LOW" ind1="-" ind2="1"><subfield code="a">K1144</subfield></datafield><datafield tag="088" ind1=" " ind2=" "><subfield code="a">38/459</subfield><subfield code="b">00009002</subfield><subfield code="c">JAP/Pg0-1Oba2-3</subfield><subfield code="e">keine ILL</subfield></datafield><datafield tag="088" ind1=" " ind2=" "><subfield code="a">5/141</subfield><subfield code="b">00091001</subfield><subfield code="c">370.9 O12 O12 1980 (3)</subfield><subfield code="e">keine ILL</subfield></datafield></record></metadata></record></ListRecords></OAI-PMH>